@article{Katz2018,
	author = {Katz, Raul},
	journal = {Centro de Estudios de Telecomunicaciones de America Latina},
	title = {{La digitalización: Una clave para el futuro crecimiento de la productividad en América Latina.}},
	url = {http://cet.la/estudios/cet-la/la-digitalizacion-una-clave-futuro-crecimiento-la-productividad-america-latina/#.},
	year = {2018}
}

@article{Fishman,
	author = {Elliot Fishman},
	title = {Bikeshare: A Review of Recent Literature},
	journal = {Transport Reviews},
	volume = {36},
	number = {1},
	pages = {92-113},
	year  = {2016},
	publisher = {Routledge},
	doi = {10.1080/01441647.2015.1033036},
	
	URL = { 
	https://doi.org/10.1080/01441647.2015.1033036
	
	},
	eprint = { 
	https://doi.org/10.1080/01441647.2015.1033036
	
	}
	
}

@article{Pojani,
	author = {Pojani, Dorina and Stead, Dominic},
	year = {2015},
	month = {06},
	pages = {7784-7805},
	title = {Sustainable Urban Transport in the Developing World: Beyond Megacities},
	volume = {2015},
	journal = {Sustainability},
	doi = {10.3390/su7067784}
}

@article{Stehlin,
	author = {John Stehlin},
	title ={Cycles of Investment: Bicycle Infrastructure, Gentrification, and the Restructuring of the San Francisco Bay Area},
	journal = {Environment and Planning A: Economy and Space},
	volume = {47},
	number = {1},
	pages = {121-137},
	year = {2015},
	doi = {10.1068/a130098p},
	
	URL = { 
	https://doi.org/10.1068/a130098p
	
	},
	eprint = { 
	https://doi.org/10.1068/a130098p
	
	}	
}

@article{Ecobicis2017,
	author = {Sec. Movilidad CDMX},
	journal = {Página electrónica del Sistema de Bicicletas de la Ciudad de México},
	year = {2017},
	title = {Encuesta ECOBICI 2017},
	volume = {2017},
}
